<?xml version="1.0" encoding="UTF-8"?><collection xmlns="http://www.loc.gov/MARC21/slim"><record><leader>00447nam--2200169-i-4500</leader><controlfield tag="001">000029251</controlfield><controlfield tag="002">20161230</controlfield><controlfield tag="005">20161230201037</controlfield><controlfield tag="008">060222s1000------------r-----000-0-eng-d</controlfield><datafield ind1=" " ind2=" " tag="040"><subfield code="a">IFIN-HH</subfield></datafield><datafield ind1=" " ind2=" " tag="080"><subfield code="a">533.9</subfield></datafield><datafield ind1="1" ind2=" " tag="100"><subfield code="a">Kunkel, Wulf B</subfield></datafield><datafield ind1="1" ind2="0" tag="245"><subfield code="a">Plasma physics in theory and application</subfield><subfield code="c">Wulf b. kunkel</subfield></datafield><datafield ind1=" " ind2=" " tag="260"><subfield code="a">New York, Mcgraw-hill Book Co., 1966</subfield></datafield><datafield ind1=" " ind2=" " tag="300"><subfield code="a">XVII + 494P</subfield></datafield><datafield ind1=" " ind2=" " tag="852"><subfield code="a">25701</subfield><subfield code="c">533.9</subfield></datafield><datafield ind1=" " ind2=" " tag="CAT"><subfield code="a">Sys</subfield><subfield code="c">20100922</subfield><subfield code="h">141909</subfield></datafield></record></collection>